%% example.bib
%% Jeremy Singer
%% 16 Oct 2012

@article{WarningLand,
author = "",
title = {\href{http://static.googleusercontent.com/media/research.google.com/en//pubs/archive/41323.pdf}{Alice in Warningland: A Large-Scale Field Study of Browser Security Warning Effectiveness}},
journal = "SEC'13 Proceedings of the 22nd USENIX conference on Security"
year = "2013" ,
pages = "257-272",
}

@MISC{dancingpigs,
    author = "Wikipedia",
    title = {\href{http://en.wikipedia.org/wiki/Dancing_pigs#cite_note-1}{Dancing Pigs}},
    year = {2014}
}

@MISC{mitmattacks,
    author = "InfoSecurity Magazine",
    title = {\href{http://www.infosecurity-magazine.com/news/public-wifi-hotspots-ripe-for-mitm-attacks/}{Public WiFi hotspots ripe for MITM attacks}},
    year = {2013}
}

@MISC{Sunshine09cryingwolf,
    author = {Joshua Sunshine and Serge Egelman and Hazim Almuhimedi and Neha Atri and Lorrie Faith Cranor},
    title = {\href{http://www.guanotronic.com/~serge/papers/sec09.pdf}{Crying Wolf: An Empirical Study of SSL Warning Effectiveness. Usenix Security}},
    year = {2009}
}

@inproceedings{Onthechallenges,
 author = {Sotirakopoulos, Andreas and Hawkey, Kirstie and Beznosov, Konstantin},
 title = {On the Challenges in Usable Security Lab Studies: Lessons Learned from Replicating a Study on SSL Warnings},
 booktitle = {Proceedings of the Seventh Symposium on Usable Privacy and Security},
 series = {SOUPS '11},
 year = {2011},
 isbn = {978-1-4503-0911-0},
 location = {Pittsburgh, Pennsylvania},
 pages = {3:1--3:18},
 articleno = {3},
 numpages = {18},
 url = {http://doi.acm.org/10.1145/2078827.2078831},
 doi = {10.1145/2078827.2078831},
 acmid = {2078831},
 publisher = {ACM},
 address = {New York, NY, USA},
 keywords = {SSL warnings, experimental design, study environment bias, study replication, usable security},
} 

@inproceedings{whyphish,
 author = {Dhamija, Rachna and Tygar, J. D. and Hearst, Marti},
 title = {Why Phishing Works},
 booktitle = {Proceedings of the SIGCHI Conference on Human Factors in Computing Systems},
 series = {CHI '06},
 year = {2006},
 isbn = {1-59593-372-7},
 location = {Montr\&\#233;al, Qu\&\#233;bec, Canada},
 pages = {581--590},
 numpages = {10},
 url = {http://doi.acm.org/10.1145/1124772.1124861},
 doi = {10.1145/1124772.1124861},
 acmid = {1124861},
 publisher = {ACM},
 address = {New York, NY, USA},
 keywords = {phishing, phishing user study, security usability, why phishing works},
} 



@inproceedings{Gathering,
 author = {Whalen, Tara and Inkpen, Kori M.},
 title = {Gathering Evidence: Use of Visual Security Cues in Web Browsers},
 booktitle = {Proceedings of Graphics Interface 2005},
 series = {GI '05},
 year = {2005},
 isbn = {1-56881-265-5},
 location = {Victoria, British Columbia},
 pages = {137--144},
 numpages = {8},
 url = {http://dl.acm.org/citation.cfm?id=1089508.1089532},
 acmid = {1089532},
 publisher = {Canadian Human-Computer Communications Society},
 address = {School of Computer Science, University of Waterloo, Waterloo, Ontario, Canada},
 keywords = {secure web-based transactions, usable security, visual feedback, web browsing},
} 

@INPROCEEDINGS{emperors,
author={Schechter, S.E. and Dhamija, R. and Ozment, A. and Fischer, I.},
booktitle={Security and Privacy, 2007. SP '07. IEEE Symposium on},
title={The Emperor's New Security Indicators},
year={2007},
month={May},
pages={51-65},
keywords={Web sites;fraud;message authentication;Website authentication indicator;man-in-the-middle attack;phishing;security indicator;site forgery attack;site-authentication image;Authentication;Banking;Contracts;Forgery;Laboratories;Protection;Security;Terrorism;Usability;Web page design},
doi={10.1109/SP.2007.35},
ISSN={1081-6011},}


@inproceedings{warned,
 author = {Egelman, Serge and Cranor, Lorrie Faith and Hong, Jason},
 title = {\href{http://repository.cmu.edu/cgi/viewcontent.cgi?article=1023&context=isr}{You've Been Warned: An Empirical Study of the Effectiveness of Web Browser Phishing Warnings}},
 booktitle = {Proceedings of the SIGCHI Conference on Human Factors in Computing Systems},
 series = {CHI '08},
 year = {2008},
 isbn = {978-1-60558-011-1},
 location = {Florence, Italy},
 pages = {1065--1074},
 numpages = {10},
 url = {http://doi.acm.org/10.1145/1357054.1357219},
 doi = {10.1145/1357054.1357219},
 acmid = {1357219},
 publisher = {ACM},
 address = {New York, NY, USA},
 keywords = {mental models, phishing, usable privacy and security, warning messages},
} 

@INPROCEEDINGS{Jackson08forcehttps:protecting,
    author = {Collin Jackson},
    title = {ForceHTTPS: Protecting high-security web sites from network attacks},
    booktitle = {In Proceedings of the 17th International World Wide Web Conference},
    year = {2008}
}